<?xml version="1.0" encoding="UTF-8"?><collection xmlns="http://www.loc.gov/MARC21/slim"><record><leader>00436nam--2200133-i-4500</leader><controlfield tag="001">000023984</controlfield><controlfield tag="002">20161230</controlfield><controlfield tag="005">20161230201035</controlfield><controlfield tag="008">060222s1000------------r-----000-0-eng-d</controlfield><datafield ind1=" " ind2=" " tag="080"><subfield code="a">681.142.2</subfield></datafield><datafield ind1=" " ind2=" " tag="100"><subfield code="a">Hill, Fredrick J.Si Peterson, Gerald R</subfield></datafield><datafield ind1=" " ind2=" " tag="245"><subfield code="a">Calculatoare numerice hardware-structura si proiectare. traducere din literatura americana dupa editia a doua (1978)</subfield></datafield><datafield ind1=" " ind2=" " tag="260"><subfield code="a">Bucuresti, Ed.Tehnica, 1980, 656 P</subfield></datafield><datafield ind1=" " ind2=" " tag="852"><subfield code="a">48611</subfield></datafield></record></collection>